
@Article{pmid26634076,
   Author="Kim, T. K. ",
   Title="{{T} test as a parametric statistic}",
   Journal="Korean J Anesthesiol",
   Year="2015",
   Volume="68",
   Number="6",
   Pages="540--546",
   Month="Dec"
}

@Article{pmid28898401,
   Author="Ke, Z.  and Zhang, Z. J. ",
   Title="{{T}esting autocorrelation and partial autocorrelation: {A}symptotic methods versus resampling techniques}",
   Journal="Br J Math Stat Psychol",
   Year="2018",
   Volume="71",
   Number="1",
   Pages="96--116",
   Month="02"
}

@Article{pmid26831402,
   Author="Wu, B.  and Pankow, J. S. ",
   Title="{{O}n {S}ample {S}ize and {P}ower {C}alculation for {V}ariant {S}et-{B}ased {A}ssociation {T}ests}",
   Journal="Ann Hum Genet",
   Year="2016",
   Volume="80",
   Number="2",
   Pages="136--143",
   Month="Mar"
}
@inproceedings{berger2006gentle,
  title={A Gentle Introduction to Resampling Techniques},
  author={Berger, Dale},
  booktitle={Western Psychological Association Statistical Workshop},
  year={2006}
  
  
@article{efron1982bootstrap,
  title={The bootstrap},
  author={Efron, Bradley},
  journal={The jacknife, the bootstrap, and other resampling plans},
  volume={38},
  year={1982},
  publisher={Society for Industrial and Applied Mathematics}
}
article{tibshirani1993introduction,
  title={An introduction to the bootstrap},
  author={Tibshirani, Robert J and Efron, Bradley},
  journal={Monographs on statistics and applied probability},
  volume={57},
  pages={1--436},
  year={1993},
  publisher={Chapman and Hall New York}
}
@article{davison2002introduction,
  title={An Introduction to the Bootstrap with Applications in R},
  author={Davison, AC and Kuonen, Diego},
  journal={Statistical computing \& Statistical graphics newsletter},
  volume={13},
  number={1},
  pages={6--11},
  year={2002}
}

@article{zhang2010estimating,
  title={Estimating sample sizes for DNA barcoding},
  author={Zhang, AB and He, LJ and Crozier, RH and Muster, C and Zhu, C-D},
  journal={Molecular Phylogenetics and Evolution},
  volume={54},
  number={3},
  pages={1035--1039},
  year={2010},
  publisher={Elsevier}
}
@book{mooney1993bootstrapping,
  title={Bootstrapping: A nonparametric approach to statistical inference},
  author={Mooney, Christopher Z and Mooney, Christopher F and Mooney, Christopher L and Duval, Robert D and Duvall, Robert},
  number={95},
  year={1993},
  publisher={sage}
}
@article{cirincione1997research,
  title={Research methodology: computer-intensive methods in the social sciences},
  author={Cirincione, Carmen and Gurrieri, Gustavo A},
  journal={Social Science Computer Review},
  volume={15},
  number={1},
  pages={83--97},
  year={1997},
  publisher={Sage Publications Sage CA: Thousand Oaks, CA}
}

@article{ruback1997territorial,
  title={Territorial defense in parking lots: Retaliation against waiting drivers},
  author={Ruback, R Barry and Juieng, Daniel},
  journal={Journal of Applied Social Psychology},
  volume={27},
  number={9},
  pages={821--834},
  year={1997},
  publisher={Wiley Online Library}
}


